@article{lahiri2011design,
  title={Design of a gaze-sensitive virtual social interactive system for children with autism},
  author={Lahiri, Uttama and Warren, Zachary and Sarkar, Nilanjan},
 url = {http://ieeexplore.ieee.org.ezproxy.falmouth.ac.uk/stamp/stamp.jsp?tp=&arnumber=7877229},
  journal={IEEE Transactions on Neural Systems and Rehabilitation Engineering},
  volume={19},
  number={4},
  pages={443--452},
  year={2011},
  publisher={IEEE}
}

@article{VRtourists,
 title = {Tourists' Experience of Virtual Reality Applications},
 author = {Timothy JUng, M. Claudia tom Dieck, Natasha Morrhouse},
 journal={Consumer Electroncics (ICCE)},
 year={2017},
 publisher ={IEEE}
}

@article{zheng2017real,
  title={Real-time and precise insect flight control system based on virtual reality},
  author={Zheng, Nenggan and Jin, Mengjie and Hong, Hui and Huang, Lei and Gu, Zonghua and Li, Hong},
  journal={Electronics Letters},
  volume={53},
  number={6},
  pages={387--389},
  year={2017},
  publisher={IET}
}
@article{zenner2017shifty,
  title={Shifty: A Weight-Shifting Dynamic Passive Haptic Proxy to Enhance Object Perception in Virtual Reality},
  author={Zenner, Andr{\'e} and Kr{\"u}ger, Antonio},
  journal={IEEE Transactions on Visualization and Computer Graphics},
  volume={23},
  number={4},
  pages={1285--1294},
  year={2017},
  publisher={IEEE}
}

@article{Diva,
  title={Office Diva},
  author={Pape, Dave and Anstey, Josephine},
  booktitle={Proceedings of the 3rd international conference on Digital Interactive Media in Entertainment and Arts},
  pages={530--531},
  year={2008},
  organization={ACM}
}